% abbreviations for bibtex entries

% example
@STRING{ICWS = "{{Interstellar Conference on Warpmechanics and Superluminal Motion}}"}

% Journals
@STRING{ANNSTAT = "{{The Annals of Statistics}}"}
@STRING{BBS = "{{Behavioral and Brain Sciences}}"}
@STRING{CACM = "{{Communications of the ACM}}"}
@STRING{CAD = "{{Les Cahiers de l'Analyse des Donn\'ees}}"}
@STRING{CGA = "{{IEEE Computer Graphics \& Applications}}"}
@STRING{CVGIP = "{{Computer Vision, Graphics, and Image Processing: Image Understanding (CVGIP:IU)}}"}
@STRING{CVIU = "{{Computer Vision and Image Understanding (CVIU)}}"}
@STRING{FCGV = "{{Foundations of Computer Graphics and Vision}}"}
@STRING{FTCGV = "{{Foundations and Trends in Computer Graphics and Vision}}"}
@STRING{IJCV = "{{International Journal of Computer Vision}}"}
@STRING{IVC = "{{Image and Vision Computing}}"}
@STRING{JC = "{{Journal of Classification}}"}
@STRING{JCN = "{{Journal of Cognitive Neuroscience}}"}
@STRING{JECP = "{{Journal of Experimental Child Psychology}}"}
@STRING{JEPHPP = "{{Journal of Experimental Psychology: Human Perception and Performance}}"}
@STRING{JMLR = "{{Journal of Machine Learning Research}}"}
@STRING{JSC = "{{Journal of Scientific Computing}}"}
@STRING{MM = "{{ACM Multimedia}}"}
@STRING{MVA = "{{Machine Vision \& Applications}}"}
@STRING{PR = "{{Pattern Recognition}}"}
@STRING{PRESENCE = "{{PRESENCE: Teleoperators and Virtual Environments}}"}
@STRING{PRL = "{{Pattern Recognition Letters}}"}
@STRING{SIGMOD = "{{ACM SIGMOD}}"}
@STRING{TAC = "{{IEEE Transactions on Automatic Control}}"}
@STRING{TACM = "{{Transactions of the ACM}}"}
@STRING{TC = "{{Transactions on Communications}}"}
@STRING{TCHI = "{{ACM Transactions on Computer-Human Interaction}}"}
@STRING{TIP = "{{Transactions on Image Processing}}"}
@STRING{TIS = "{{IEICE Transactions on Information and Systems}}"}
@STRING{TITS = "{{IEEE Transactions on Intelligent Transportation Systems}}"}
@STRING{TMS = "{{IEEE Transactions on Mathematical Software}}"}
@STRING{TOG = "{{ACM Transactions on Graphics}}"}
@STRING{TPAMI = "{{IEEE Transactions on Pattern Analysis and Machine Intelligence}}"}
@STRING{TSE = "{{IEEE Transactions on Software Engineering}}"}
@STRING{TVT = "{{IEEE Transactions on Vehicular Technologies}}"}

% conferences
% ACCV
@STRING{ACCV = "{{Asian Conference on Computer Vision}}"}
@STRING{ACCV06 = ACCV # "{{ (ACCV'06)}}"}
@STRING{ACCV07 = ACCV # "{{ (ACCV'07)}}"}
@STRING{ACCV08 = ACCV # "{{ (ACCV'08)}}"}
@STRING{ACCV10 = ACCV # "{{ (ACCV'10)}}"}
@STRING{ACCV12 = ACCV # "{{ (ACCV'12)}}"}
@STRING{ACCV14 = ACCV # "{{ (ACCV'14)}}"}

% BMCV
@STRING{BMCV = "{{International Workshop on Biologically Motivated Computer Vision}}"}
@STRING{BMCV02 = BMCV # "{{ (BMCV'02)}}"}

% BMVC:
@STRING{BMVC = "{{British Machine Vision Conference}}"}
@STRING{BMVC91 = BMVC # "{{ (BMVC'91)}}"}
@STRING{BMVC98 = BMVC # "{{ (BMVC'98)}}"}
@STRING{BMVC99 = BMVC # "{{ (BMVC'99)}}"}
@STRING{BMVC00 = BMVC # "{{ (BMVC'00)}}"}
@STRING{BMVC01 = BMVC # "{{ (BMVC'01)}}"}
@STRING{BMVC02 = BMVC # "{{ (BMVC'02)}}"}
@STRING{BMVC03 = BMVC # "{{ (BMVC'03)}}"}
@STRING{BMVC04 = BMVC # "{{ (BMVC'04)}}"}
@STRING{BMVC05 = BMVC # "{{ (BMVC'05)}}"}
@STRING{BMVC06 = BMVC # "{{ (BMVC'06)}}"}
@STRING{BMVC07 = BMVC # "{{ (BMVC'07)}}"}
@STRING{BMVC08 = BMVC # "{{ (BMVC'08)}}"}
@STRING{BMVC09 = BMVC # "{{ (BMVC'09)}}"}
@STRING{BMVC10 = BMVC # "{{ (BMVC'10)}}"}
@STRING{BMVC11 = BMVC # "{{ (BMVC'11)}}"}
@STRING{BMVC12 = BMVC # "{{ (BMVC'12)}}"}
@STRING{BMVC13 = BMVC # "{{ (BMVC'13)}}"}
@STRING{BMVC14 = BMVC # "{{ (BMVC'14)}}"}
@STRING{BMVC15 = BMVC # "{{ (BMVC'15)}}"}

% CAIP:
@STRING{CAIP = "{{International Conference on Analysis of Images and Patterns}}"}
@STRING{CAIP97 = CAIP # "{{ (CAIP'97)}}"}

% CHI
@STRING{CHI = "{{Conference on Computer Human Interaction}}"}
@STRING{CHI92 = CHI # "{{ (CHI'92)}}"}
@STRING{CHI97 = CHI # "{{ (CHI'97)}}"}

% CVPR
@STRING{CVPR = "{{IEEE Conference on Computer Vision and Pattern Recognition}}"}
@STRING{CVPR88 = CVPR # "{{ (CVPR'88)}}"}
@STRING{CVPR89 = CVPR # "{{ (CVPR'89)}}"}
@STRING{CVPR92 = CVPR # "{{ (CVPR'92)}}"}
@STRING{CVPR96 = CVPR # "{{ (CVPR'96)}}"}
@STRING{CVPR97 = CVPR # "{{ (CVPR'97)}}"}
@STRING{CVPR98 = CVPR # "{{ (CVPR'98)}}"}
@STRING{CVPR99 = CVPR # "{{ (CVPR'99)}}"}
@STRING{CVPR00 = CVPR # "{{ (CVPR'00)}}"}
@STRING{CVPR01 = CVPR # "{{ (CVPR'01)}}"}
@STRING{CVPR03 = CVPR # "{{ (CVPR'03)}}"}
@STRING{CVPR04 = CVPR # "{{ (CVPR'04)}}"}
@STRING{CVPR05 = CVPR # "{{ (CVPR'05)}}"}
@STRING{CVPR06 = CVPR # "{{ (CVPR'06)}}"}
@STRING{CVPR07 = CVPR # "{{ (CVPR'07)}}"}
@STRING{CVPR08 = CVPR # "{{ (CVPR'08)}}"}
@STRING{CVPR09 = CVPR # "{{ (CVPR'09)}}"}
@STRING{CVPR10 = CVPR # "{{ (CVPR'10)}}"}
@STRING{CVPR11 = CVPR # "{{ (CVPR'11)}}"}
@STRING{CVPR12 = CVPR # "{{ (CVPR'12)}}"}
@STRING{CVPR13 = CVPR # "{{ (CVPR'13)}}"}
@STRING{CVPR14 = CVPR # "{{ (CVPR'14)}}"}
@STRING{CVPR15 = CVPR # "{{ (CVPR'15)}}"}
@STRING{CVPR16 = CVPR # "{{ (CVPR'16)}}"}

% DAGM
@STRING{DAGM = "Annual Pattern Recognition Symposium"}
@STRING{DAGM02 = DAGM # "{{ (DAGM'02)}}"}
@STRING{DAGM03 = DAGM # "{{ (DAGM'03)}}"}
@STRING{DAGM04 = DAGM # "{{ (DAGM'04)}}"}
@STRING{DAGM05 = DAGM # "{{ (DAGM'05)}}"}
@STRING{DAGM06 = DAGM # "{{ (DAGM'06)}}"}
@STRING{DAGM07 = DAGM # "{{ (DAGM'07)}}"}
@STRING{DAGM08 = DAGM # "{{ (DAGM'08)}}"}
@STRING{DAGM09 = DAGM # "{{ (DAGM'09)}}"}
@STRING{DAGM10 = DAGM # "{{ (DAGM'10)}}"}
@STRING{DAGM11 = DAGM # "{{ (DAGM'11)}}"}
@STRING{DAGM12 = DAGM # "{{ (DAGM'12)}}"}

% ECCV
@STRING{ECCV = "{{European Conference on Computer Vision}}"}
@STRING{ECCV90 = ECCV # "{{ (ECCV'90)}}"}
@STRING{ECCV92 = ECCV # "{{ (ECCV'92)}}"}
@STRING{ECCV94 = ECCV # "{{ (ECCV'94)}}"}
@STRING{ECCV96 = ECCV # "{{ (ECCV'96)}}"}
@STRING{ECCV98 = ECCV # "{{ (ECCV'98)}}"}
@STRING{ECCV00 = ECCV # "{{ (ECCV'00)}}"}
@STRING{ECCV02 = ECCV # "{{ (ECCV'02)}}"}
@STRING{ECCV04 = ECCV # "{{ (ECCV'04)}}"}
@STRING{ECCV06 = ECCV # "{{ (ECCV'06)}}"}
@STRING{ECCV08 = ECCV # "{{ (ECCV'08)}}"}
@STRING{ECCV10 = ECCV # "{{ (ECCV'10)}}"}
@STRING{ECCV12 = ECCV # "{{ (ECCV'12)}}"}
@STRING{ECCV14 = ECCV # "{{ (ECCV'14)}}"}

% FG
@STRING{FG = "{{IEEE International Conference on Automatic Face and Gesture Recognition}}"}
@STRING{FG96 = FG # "{{ (FG'96)}}"}
@STRING{FG98 = FG # "{{ (FG'98)}}"}

% ICCV
@STRING{ICCV = "{{International Conference on Computer Vision}}"}
@STRING{ICCV87 = ICCV # "{{ (ICCV'87)}}"}
@STRING{ICCV88 = ICCV # "{{ (ICCV'88)}}"}
@STRING{ICCV90 = ICCV # "{{ (ICCV'90)}}"}
@STRING{ICCV93 = ICCV # "{{ (ICCV'93)}}"}
@STRING{ICCV95 = ICCV # "{{ (ICCV'95)}}"}
@STRING{ICCV98 = ICCV # "{{ (ICCV'98)}}"}
@STRING{ICCV99 = ICCV # "{{ (ICCV'99)}}"}
@STRING{ICCV01 = ICCV # "{{ (ICCV'01)}}"}
@STRING{ICCV03 = ICCV # "{{ (ICCV'03)}}"}
@STRING{ICCV05 = ICCV # "{{ (ICCV'05)}}"}
@STRING{ICCV07 = ICCV # "{{ (ICCV'07)}}"}
@STRING{ICCV09 = ICCV # "{{ (ICCV'09)}}"}
@STRING{ICCV11 = ICCV # "{{ (ICCV'11)}}"}
@STRING{ICCV13 = ICCV # "{{ (ICCV'13)}}"}
@STRING{ICCV15 = ICCV # "{{ (ICCV'15)}}"}

% ICIAP
@STRING{ICIAP = "{{International Conference on Image Analysis and Processing}}"}
@STRING{ICIAP94 = ICIAP # "{{(ICIAP'94)}}"}
@STRING{ICIAP97 = ICIAP # "{{(ICIAP'97)}}"}

% ICIAR
@STRING{ICIAR = "{{International Conference on Image Analysis and Recognition}}"}
@STRING{ICIAR04 = ICIAR # "{{ (ICIAR'04)}}"}

% ICIP
@STRING{ICIP = "{{International Conference on Image Processing}}"}
@STRING{ICIP06 = ICIP # "{{ (ICIP'06)}}"}

% ICML:
@STRING{ICML = "{{International Conference on Machine Learning}}"}
@STRING{ICML01 = ICML # "{{ (ICML'01)}}"}
@STRING{ICML06 = ICML # "{{ (ICML'06)}}"}

% ICPR:
@STRING{ICPR = "{{International Conference on Pattern Recogntion}}"}
@STRING{ICPR92 = ICPR # "{{ (ICPR'92)}}"}
@STRING{ICPR96 = ICPR # "{{ (ICPR'96)}}"}
@STRING{ICPR98 = ICPR # "{{ (ICPR'98)}}"}
@STRING{ICPR02 = ICPR # "{{ (ICPR'02)}}"}
@STRING{ICPR04 = ICPR # "{{ (ICPR'04)}}"}
@STRING{ICPR06 = ICPR # "{{ (ICPR'06)}}"}
@STRING{ICPR08 = ICPR # "{{ (ICPR'08)}}"}
@STRING{ICPR10 = ICPR # "{{ (ICPR'10)}}"}
@STRING{ICPR12 = ICPR # "{{ (ICPR'12)}}"}
@STRING{ICPR14 = ICPR # "{{ (ICPR'14)}}"}

% ICRA
@STRING{ICRA = "{{IEEE International Conference on Robotics and Automation}}"}
@STRING{ICRA95 = ICRA # "{{ (ICRA'95)}}"}
@STRING{ICRA00 = ICRA # "{{ (ICRA'00)}}"}
@STRING{ICRA01 = ICRA # "{{ (ICRA'01)}}"}
@STRING{ICRA02 = ICRA # "{{ (ICRA'02)}}"}
@STRING{ICRA03 = ICRA # "{{ (ICRA'03)}}"}
@STRING{ICRA04 = ICRA # "{{ (ICRA'04)}}"}
@STRING{ICRA05 = ICRA # "{{ (ICRA'05)}}"}
@STRING{ICRA06 = ICRA # "{{ (ICRA'06)}}"}
@STRING{ICRA07 = ICRA # "{{ (ICRA'07)}}"}
@STRING{ICRA08 = ICRA # "{{ (ICRA'08)}}"}
@STRING{ICRA09 = ICRA # "{{ (ICRA'09)}}"}
@STRING{ICRA10 = ICRA # "{{ (ICRA'10)}}"}
@STRING{ICRA11 = ICRA # "{{ (ICRA'11)}}"}
@STRING{ICRA12 = ICRA # "{{ (ICRA'12)}}"}
@STRING{ICRA13 = ICRA # "{{ (ICRA'13)}}"}
@STRING{ICRA14 = ICRA # "{{ (ICRA'14)}}"}
@STRING{ICRA15 = ICRA # "{{ (ICRA'15)}}"}
@STRING{ICRA16 = ICRA # "{{ (ICRA'16)}}"}

% IVS
@STRING{IVS = "{{IEEE Intelligent Vehicles Symposium}}"}
@STRING{IVS96 = IVS # "{{ (IVS'96)}}"}
@STRING{IVS00 = IVS # "{{ (IVS'00)}}"}
@STRING{IVS02 = IVS # "{{ (IVS'02)}}"}
@STRING{IVS03 = IVS # "{{ (IVS'03)}}"}
@STRING{IVS04 = IVS # "{{ (IVS'04)}}"}
@STRING{IVS05 = IVS # "{{ (IVS'05)}}"}
@STRING{IVS08 = IVS # "{{ (IVS'08)}}"}
@STRING{IVS09 = IVS # "{{ (IVS'09)}}"}
@STRING{IVS13 = IVS # "{{ (IVS'13)}}"}

% IROS
@STRING{IROS = "{{Intelligent Robots and Systems}}"}
@STRING{IROS96 = IROS # "{{ (IROS'96)}}"}
@STRING{IROS15 = IROS # "{{ (IROS'15)}}"}

% NIPS:
@STRING{NIPS = "{{Neural Information Processing Systems}}"}
@STRING{NIPS97 = NIPS # "{{ (NIPS'97)}}"}
@STRING{NIPS01 = NIPS # "{{ (NIPS'01)}}"}
@STRING{NIPS02 = NIPS # "{{ (NIPS'02)}}"}
@STRING{NIPS03 = NIPS # "{{ (NIPS'03)}}"}
@STRING{NIPS06 = NIPS # "{{ (NIPS'06)}}"}
@STRING{NIPS07 = NIPS # "{{ (NIPS'07)}}"}
@STRING{NIPS08 = NIPS # "{{ (NIPS'08)}}"}
@STRING{NIPS09 = NIPS # "{{ (NIPS'09)}}"}
@STRING{NIPS10 = NIPS # "{{ (NIPS'10)}}"}
@STRING{NIPS11 = NIPS # "{{ (NIPS'11)}}"}
@STRING{NIPS12 = NIPS # "{{ (NIPS'12)}}"}
@STRING{NIPS13 = NIPS # "{{ (NIPS'13)}}"}
@STRING{NIPS14 = NIPS # "{{ (NIPS'14)}}"}
@STRING{NIPS15 = NIPS # "{{ (NIPS'15)}}"}

% SIGGRAPH
@STRING{SIGGRAPH = "{{Procedings of SIGGRAPH}}"}
@STRING{SIGGRAPH94 = SIGGRAPH # "{{94}}"}
@STRING{SIGGRAPH97 = SIGGRAPH # "{{97}}"}
@STRING{SIGGRAPH99 = SIGGRAPH # "{{99}}"}

% GCPR
@STRING{GCPR = "{{German Conference on Pattern Recognition}}"}
@STRING{GCPR13 = GCPR # "{{ (GCPR'13)}}"}
@STRING{GCPR14 = GCPR # "{{ (GCPR'14)}}"}
@STRING{GCPR15 = GCPR # "{{ (GCPR'15)}}"}

% UIST
@STRING{UIST = "{{ACM Symposium on User Interface Software and Technology}}"}
@STRING{UIST92 = UIST # "{{ (UIST'92)}}"}
@STRING{UIST97 = UIST # "{{ (UIST'97)}}"}

% VR
@STRING{VR = "{{IEEE Virtual Reality}}"}
@STRING{VR99 = VR # "{{ '99 Conference}}"}
@STRING{VR00 = VR # "{{ 2000 Conference}}"}

% misc
@STRING{AAAI = "{{Association for the Advancement of Artificial Intelligence}}"}
@STRING{ACC = "{{American Control Conf.}}"}
@STRING{ACM = "{{ACM Comput. Surv.}}"}
@STRING{AR = "{{Autonomous Robots Journal}}"}
@STRING{AVC = "{{In Proc. of Fourth Alvey Vision Conference}}"}
@STRING{CDC80 = "{{IEEE Conference on Decision and Control}}"}
@STRING{CITS = "{{Conference on Intelligent Transportation Systems}}"}
@STRING{CLT = "{{Proceedings of the Second European Conference on Computational Learning Theory}}"}
@STRING{CORP = "{{ICCV Workshop, 1st IEEE Workshop on Challenges and Opportunities in Robot Perception}}"}
@STRING{CVWW04 = "{{Computer Vision Winter Workshop (CVWW'04)}}"}
@STRING{EURASIP = "{{EURASIP Journal on Advances in Signal Processing}}"}
@STRING{EUROCOLT = "{{European Conference on Computational Learning Theory}}"}
@STRING{GMBV04 = "{{Workshop on Generative-Model Based Vision (GMBV'04)}}"}
@STRING{ICANN98 = {International Conference on Artificial Neural Networks (ICANN'98)}}}
@STRING{ICASSP = "{{IEEE Conference on Acoustics, Speech and Signal Processing}}"}
@STRING{ICCVGIP08 = "{{Indian Conference on Computer Vision, Graphics, and Image Processing}}"}
@STRING{ICIRA = "{{International Conference on Intelligent Robotics and Applications}}"}
@STRING{ICME = "{{International Conference on Multimedia \& Expo}}"}
@STRING{ICVS = "{{International Conference on Computer Vision Systems}}"}
@STRING{IEEE = "{{Proceedings of the IEEE}}"}
@STRING{IJCAI77 = "{{Int. Joint Conference on Artificial Intelligence (IJCAI'77)}}"}
@STRING{IJRS = "{{International Journal of Robotics Research}}"}
@STRING{INES04 = "{{IEEE Intelligent Engineering Systems (INES'04)}}"}
@STRING{IRE = "{{IRE Transactions on Information Theory}}"}
@STRING{ISPRS = "{{Journal of Photogrammetry and Remote Sensing}}"}
@STRING{IT = "{{IEEE Transactions on Information Theory}}"}
@STRING{JFR = "{{J. Field Robotics}}"}
@STRING{MI = "{{IEEE Trans. Mach. Intell.}}"}
@STRING{PHY = "{{Phys. Rev. E}}"}
@STRING{POCV04 = "{{IEEE Workshop on Perceptual Organization in Computer Vision (POCV'04)}}"}
@STRING{RMLE10 = "{{ECCV'10 Workshop on Reconstruction and Modeling of Large-Scale Virtual Environments}}"}
@STRING{RSS = "{{Robotics: Science and Systems}}"}
@STRING{SCIA91 = "{{Scandinavian Conference on Image Analysis}}"}
@STRING{SCIA93 = "{{Scandinavian Conference on Image Analysis}}"}
@STRING{SIBGRAPI = "{{SIBGRAPI - Conference on Graphics, Patterns and Images}}"}
@STRING{SLCV04 = "{{ECCV'04 Workshop on Statistical Learning in Computer Vision}}"}
@STRING{TDPVT06 = "{{International Symposium on 3D Data Processing, Visualization, and Transmission (3DPVT'06)}}"}
@STRING{TDRR07 = "{{ICCV'07 Workshop on 3D Representations for Recognition}}"}
@STRING{VPCVPR06 = "{{Video Proceedings of the IEEE Conference on Computer Vision and Pattern Recognition (CVPR'06)}}"}
@STRING{WAPCV = "{{International Workshop on Attention in Cognitive Systems}}"}
@STRING{WDV = "{{ICCV Workshop on Dynamical Vision}}"}
@STRING{WFG95 = "{{International Workshop on Automatic Face and Gesture Recognition (IWAFGR'95)}}"}
@STRING{WIT09 = "{{Int'l Workshop on Intelligent Transportation (WIT'09)}}"}
@STRING{WIVR04 = "{{Workshop on Image and Video Registration (WIVR'04)}}"}
@STRING{WSCG99 = "{{Int'l Conf. in Central Europe on Computer Graphics, Visualization, and Interactive Digital Media (WSCG'99)}}"}
@STRING{WWW09 = "{{World Wide Web Conference'09}}"}

