@InProceedings{cochrane,
	author = {{Cochrane, Zephram}},
	title = {{On the Properties of High Density Warp Fields}},
	booktitle = ICWS,
	year = {2047},
}

@article{Yamashita,
author = {{Thamy Yamashita, Luciana Patricia Fernandes Abbade, Mariangela Esther Alencar Marques, and Silvio Alencar Marques}},
title = {{Mycosis fungoides and Sézary syndrome: clinical, histopathological and immunohistochemical review and update}},
journal = ABD,
volume = {87},
number = {6},
pages = {817-28},
year = {2012},
DOI={10.1590/s0365-05962012000600001},
}

@article{20001195667,
author={Swerdlow, Steven H},
title={{WHO classification of tumours of haematopoietic and lymphoid tissues}},
journal={WHO classification of tumours},
ISSN={},
publisher={WHO},
year={2008},
month={},
volume={22008},
number={},
pages={439},
URL={https://ci.nii.ac.jp/naid/20001195667/en/},
DOI="",
}

@article{10.1182/blood-2004-09-3502,
    author = {Willemze, Rein and Jaffe, Elaine S. and Burg, Günter and Cerroni, Lorenzo and Berti, Emilio and Swerdlow, Steven H. and Ralfkiaer, Elisabeth and Chimenti, Sergio and Diaz-Perez, José L. and Duncan, Lyn M. and Grange, Florent and Harris, Nancy Lee and Kempf, Werner and Kerl, Helmut and Kurrer, Michael and Knobler, Robert and Pimpinelli, Nicola and Sander, Christian and Santucci, Marco and Sterry, Wolfram and Vermeer, Maarten H. and Wechsler, Janine and Whittaker, Sean and Meijer, Chris J. L. M.},
    title = "{WHO-EORTC classification for cutaneous lymphomas}",
    journal = {Blood},
    volume = {105},
    number = {10},
    pages = {3768-3785},
    year = {2005},
    month = {05},
    issn = {0006-4971},
    doi = {10.1182/blood-2004-09-3502},
    url = {https://doi.org/10.1182/blood-2004-09-3502},
   
}


@manual{Alain,
author = {Alain H Rook, and Elise A Olsen},
title = { Clinical Presentation, Pathologic Features, and Diagnosis of Sézary Syndrome},
url={www.uptodate.com/contents/clinical-presentation-pathologic-features-and-diagnosis-of-sezary-syndrome},
year   = "accessed 07 07, 2020"
}

@article{12,
author = {Novelli, Mauro and Fava, Paolo and Sarda, Cristina and Ponti, Renata and Osella-Abate, Simona and Savoia, Paola and Bergallo, Massimiliano and Lisa, Francesco and Fierro, Maria and Quaglino, Pietro},
year = {2015},
month = {01},
pages = {57-69},
title = {Blood Flow Cytometry in Sezary Syndrome New Insights on Prognostic Relevance and Immunophenotypic Changes During Follow-up},
volume = {143},
journal = {American journal of clinical pathology},
doi = {10.1309/AJCP1NA3YCHCDEIG}
}

@article{2,
author = {Angermueller, Christof and Pärnamaa, Tanel and Parts, Leopold and Stegle, Oliver},
year = {2016},
month = {07},
pages = {878},
title = {Deep learning for computational biology:},
volume = {12},
journal = {Molecular Systems Biology},
doi = {10.15252/msb.20156651}
}

@article{3,
author = {Arvaniti, Eirini and Claassen, Manfred},
year = {2017},
month = {04},
pages = {14825},
title = {Sensitive detection of rare disease-Associated cell subsets via representation learning},
volume = {8},
journal = {Nature Communications},
doi = {10.1038/ncomms14825}
}

@article{5,
author = {Carbonneau, Marc-André and Cheplygina, Veronika and Granger, Eric and Gagnon, Ghyslain},
year = {2016},
month = {12},
pages = {329-353},
title = {Multiple Instance Learning: A Survey of Problem Characteristics and Applications},
journal = {Pattern Recognition},
doi = {10.1016/j.patcog.2017.10.009}
}

@article{6,
author = {Guenova, Emmanuella and Ignatova, Desislava and Chang, Yun-Tsan and Contassot, Emmanuel and Mehra, Tarun and Saulite, Ieva and Navarini, Alexander and Dummer, Reinhard and Kazakov, Dmitry and French, Lars and Hoetzenecker, Wolfram and Cozzio, Antonio},
year = {2015},
month = {11},
pages = {464-467},
title = {Expression of CD164 on Malignant T Cells in Sézary Syndrome},
volume = {96},
journal = {Acta dermato-venereologica},
doi = {10.2340/00015555-2264}
}

@article{7,
author = {Guenova, Emmanuella and Watanabe, Rei and Teague, Jessica and Desimone, Jennifer and Jiang, Ying and Dowlatshahi, Mitra and Schlapbach, Christoph and Schäkel, Knut and Rook, Alain and Tawa, Marianne and Fisher, David and Kupper, Thomas and Clark, Rachael},
year = {2013},
month = {06},
pages = {3755-3763},
title = {T(H)2 Cytokines from Malignant Cells Suppress T(H)1 Responses and Enforce a Global T(H)2 Bias in Leukemic Cutaneous T-cell Lymphoma},
volume = {19},
journal = {Clinical cancer research : an official journal of the American Association for Cancer Research},
doi = {10.1158/1078-0432.CCR-12-3488}
}

@article{8,
author = {Hou, Le and Samaras, Dimitris and Kurc, Tahsin and Gao, Yi and Davis, James and Saltz, Joel},
year = {2015},
month = {04},
pages = {},
title = {Efficient Multiple Instance Convolutional Neural Networks for Gigapixel Resolution Image Classification}
}

@article{9,
author = {Kraus, Oren and Ba, Lei and Frey, Brendan},
year = {2015},
month = {11},
pages = {},
title = {Classifying and Segmenting Microscopy Images Using Convolutional Multiple Instance Learning}
}

@article{10,
author = {Esteva, Andre and Kuprel, Brett and Novoa, Roberto and Ko, Justin and Swetter, Susan and Blau, Helen and Thrun, Sebastian},
year = {2017},
month = {01},
pages = {115-118},
title = {Dermatologist-level classification of skin cancer with deep neural networks},
volume = {542},
journal = {Nature},
doi = {10.1038/nature21056}
}

@article{11,
author = {Nagler, Arielle and Samimi, Sara and Schaffer, Andras and Vittorio, Carmela and Kim, Ellen and Rook, Alain},
year = {2012},
month = {03},
pages = {503-508},
title = {Peripheral blood findings in erythrodermic patients: Importance for the differential diagnosis of S?zary syndrome},
volume = {66},
journal = {Journal of the American Academy of Dermatology},
doi = {10.1016/j.jaad.2011.06.014}
}

@article{13,
author = {Rajpurkar, Pranav and Irvin, Jeremy and Zhu, Kaylie and Yang, Brandon and Mehta, Hershel and Duan, Tony and Ding, Daisy and Bagul, Aarti and Langlotz, Curtis and Shpanskaya, Katie and Lungren, Matthew and Ng, Andrew},
year = {2017},
month = {11},
pages = {},
title = {CheXNet: Radiologist-Level Pneumonia Detection on Chest X-Rays with Deep Learning}
}

@InProceedings{14,
author="Ronneberger, Olaf
and Fischer, Philipp
and Brox, Thomas",
editor="Navab, Nassir
and Hornegger, Joachim
and Wells, William M.
and Frangi, Alejandro F.",
title="U-Net: Convolutional Networks for Biomedical Image Segmentation",
booktitle="Medical Image Computing and Computer-Assisted Intervention -- MICCAI 2015",
year="2015",
publisher="Springer International Publishing",
address="Cham",
pages="234--241",
isbn="978-3-319-24574-4"
}

@article{15,
author = {Scarisbrick, Julia},
year = {2018},
month = {02},
pages = {47-56},
title = {Blood classification and blood response criteria in mycosis fungoides and Sézary syndrome using flow cytometry: recommendations from the EORTC cutaneous lymphoma task force},
volume = {93},
journal = {European journal of cancer (Oxford, England : 1990)},
doi = {10.1016/j.ejca.2018.01.076}
}

@article{17,
author = {Pu, Yunchen and Gan, Zhe and Henao, Ricardo and Yuan, Xin and Li, Chunyuan and Stevens, Andrew and Carin, Lawrence},
year = {2016},
month = {09},
pages = {2352-2360},
title = {Variational Autoencoder for Deep Learning of Images, Labels and Captions},
journal = {Advances in neural information processing systems}
}

@article{18,
author = {He, and Huang, Chang-Wei and Wei, Liqing and Li, Lingling and Anfu, Guo},
year = {2019},
month = {08},
pages = {3225},
title = {TF-YOLO: An Improved Incremental Network for Real-Time Object Detection},
volume = {9},
journal = {Applied Sciences},
doi = {10.3390/app9163225}
}

@inproceedings{19,
  title={GhostNet: More Features from Cheap Operations},
  author={Han, Kai and Wang, Yunhe and Tian, Qi and Guo, Jianyuan and Xu, Chunjing and Xu, Chang},
  booktitle={CVPR},
  year={2020}
}

@inproceedings{20,
author = {He, Kaiming and Zhang, Xiangyu and Ren, Shaoqing and Sun, Jian},
year = {2016},
month = {06},
pages = {770-778},
title = {Deep Residual Learning for Image Recognition},
doi = {10.1109/CVPR.2016.90}
}

@article{21,
author = {Krizhevsky, A. and Hinton, G.},
year = {2009},
month = {01},
pages = {},
title = {Learning multiple layers of features from tiny images},
volume = {1},
journal = {Computer Science Department, University of Toronto, Tech. Rep}
}

@inproceedings{22,
author = {He, Yihui and Zhang, Xiangyu and Sun, Jian},
year = {2017},
month = {10},
pages = {1398-1406},
title = {Channel Pruning for Accelerating Very Deep Neural Networks},
doi = {10.1109/ICCV.2017.155}
}

@inproceedings{23,
  author    = {Karen Simonyan and
               Andrew Zisserman},
  editor    = {Yoshua Bengio and
               Yann LeCun},
  title     = {Very Deep Convolutional Networks for Large-Scale Image Recognition},
  booktitle = {{ICLR},
  year      = {2015},
  url       = {http://arxiv.org/abs/1409.1556},
  timestamp = {Wed, 17 Jul 2019 10:40:54 +0200},
  biburl    = {https://dblp.org/rec/journals/corr/SimonyanZ14a.bib},
  bibsource = {dblp computer science bibliography, https://dblp.org}
}

@inproceedings{24,
author = {Hu, Jie and Shen, Li and Sun, Gang},
year = {2018},
month = {06},
pages = {7132-7141},
title = {Squeeze-and-Excitation Networks},
doi = {10.1109/CVPR.2018.00745}
}

@inproceedings{26,
author = {Liu, Zechun and Mu, Haoyuan and Zhang, Xiangyu and Guo, Zichao and Yang, Xin and Cheng, Kwang-Ting and Sun, Jian},
year = {2019},
month = {10},
pages = {3295-3304},
title = {MetaPruning: Meta Learning for Automatic Neural Network Channel Pruning},
doi = {10.1109/ICCV.2019.00339}
}

@inproceedings{27,
  author    = {Bichen Wu and
               Xiaoliang Dai and
               Peizhao Zhang and
               Yanghan Wang and
               Fei Sun and
               Yiming Wu and
               Yuandong Tian and
               Peter Vajda and
               Yangqing Jia and
               Kurt Keutzer},
  title     = {FBNet: Hardware-Aware Efficient ConvNet Design via Differentiable
               Neural Architecture Search},
  booktitle = {{IEEE} Conference on Computer Vision and Pattern Recognition, {CVPR}
               2019, Long Beach, CA, USA, June 16-20, 2019},
  pages     = {10734--10742},
  publisher = {Computer Vision Foundation / {IEEE}},
  year      = {2019},
  doi       = {10.1109/CVPR.2019.01099},
}

@inproceedings{28,
  author    = {Yunho Jeon and
               Junmo Kim},
  title     = {Constructing Fast Network through Deconstruction of Convolution},
  booktitle = {NeurIPS},
  pages     = {5955--5965},
  year      = {2018},
  url       = {http://papers.nips.cc/paper/7835-constructing-fast-network-through-deconstruction-of-convolution},
  timestamp = {Fri, 06 Mar 2020 17:00:31 +0100},
  biburl    = {https://dblp.org/rec/conf/nips/JeonK18.bib},
  bibsource = {dblp computer science bibliography, https://dblp.org}
}

@InProceedings{29,
author = {Ma, Ningning and Zhang, Xiangyu and Zheng, Hai-Tao and Sun, Jian},
title = {ShuffleNet V2: Practical Guidelines for Efficient CNN Architecture Design},
booktitle = {Proceedings of the European Conference on Computer Vision (ECCV)},
month = {September},
year = {2018}
}

@INPROCEEDINGS{30,
  author={M. {Sandler} and A. {Howard} and M. {Zhu} and A. {Zhmoginov} and L. {Chen}},
  booktitle={CVPR}, 
  title={MobileNetV2: Inverted Residuals and Linear Bottlenecks}, 
  year={2018},
  volume={},
  number={},
  pages={4510-4520}
  }
  
@incollection{31,
title = {ImageNet Classification with Deep Convolutional Neural Networks},
author = {Alex Krizhevsky and Sutskever, Ilya and Hinton, Geoffrey E},
booktitle = {NIPS},
editor = {F. Pereira and C. J. C. Burges and L. Bottou and K. Q. Weinberger},
pages = {1097--1105},
year = {2012},
publisher = {Curran Associates, Inc.},
url = {http://papers.nips.cc/paper/4824-imagenet-classification-with-deep-convolutional-neural-networks.pdf}
}


@inproceedings{32,
author = {Huang, Gao and Liu, Zhuang and van der Maaten, Laurens and Weinberger, Kilian},
year = {2017},
month = {07},
pages = {},
title = {Densely Connected Convolutional Networks},
doi = {10.1109/CVPR.2017.243}
}

@article{33,
author = {Redmon, Joseph and Farhadi, Ali},
year = {2018},
month = {04},
pages = {},
title = {YOLOv3: An Incremental Improvement}
}


@manual{36,
author = {Dan J Bell, and Henry Knipe},
title = {COVID-19 (summary)},
url={https://radiopaedia.org/articles/covid-19-summary?lang=us},
year   = "accessed March, 2020"
}


@unknown{37,
author = {Cohen, Joseph and Morrison, Paul and Dao, Lan and Roth, Karsten and Duong, Tim and Ghassemi, Marzyeh},
year = {2020},
month = {06},
pages = {},
title = {COVID-19 Image Data Collection: Prospective Predictions Are the Future}
}

@article{38,
author = {Kermany, Daniel and Goldbaum, Michael and Cai, Wenjia and Valentim, Carolina and Liang, Hui-Ying and Baxter, Sally and McKeown, Alex and Yang, Ge and Wu, Xiaokang and Yan, Fangbing and Dong, Justin and Prasadha, Made and Pei, Jacqueline and Ting, Magdalena and Zhu, Jie and Li, Christina and Hewett, Sierra and Dong, Jason and Ziyar, Ian and Zhang, Kang},
year = {2018},
month = {02},
pages = {1122-1131.e9},
title = {Identifying Medical Diagnoses and Treatable Diseases by Image-Based Deep Learning},
volume = {172},
journal = {Cell},
doi = {10.1016/j.cell.2018.02.010}
}

@inproceedings{39,
author = {Tan, Mingxing and Chen, Bo and Pang, Ruoming and Vasudevan, Vijay and Sandler, Mark and Howard, Andrew and Le, Quoc},
year = {2019},
month = {06},
pages = {2815-2823},
title = {MnasNet: Platform-Aware Neural Architecture Search for Mobile},
doi = {10.1109/CVPR.2019.00293}
}